00100000         210793118000178                    0473330000000094463 T2Ti.com                      BANCO DO BRASIL S.A.                    11608201202081900000100000000                                                      000            
00100011R0100020 2010793118000178000000000001418000  04733300000000944630T2Ti.com                                                                                                      000000011608201200000000                                 
0010001300001P 0104733300000000944630123456123456123453  011221111111        0606201100000000000500000000 02N160820123000000000000000000000000000000000000000000000000000000000000000000000000000001111111                  3002000090000000000 
0010001300002Q 011000000000000000CLIENTE                                 AV ARAUCARIAS 1135                      CENTRO         71936250BRASILIA       DF0000000000000000                                        000                            
0010001300003P 0104733300000000944630123456123456123453  011221111111        0607201100000000000500000000 02N160820123000000000000000000000000000000000000000000000000000000000000000000000000000001111111                  3002000090000000000 
0010001300004Q 011000000000000000CLIENTE                                 AV ARAUCARIAS 1135                      CENTRO         71936250BRASILIA       DF0000000000000000                                        000                            
0010001300005P 0104733300000000944630123456123456123453  011221111111        0608201100000000000500000000 02N160820123000000000000000000000000000000000000000000000000000000000000000000000000000001111111                  3002000090000000000 
0010001300006Q 011000000000000000CLIENTE                                 AV ARAUCARIAS 1135                      CENTRO         71936250BRASILIA       DF0000000000000000                                        000                            
0010001300007P 0104733300000000944630123456123456123453  011221111111        0609201100000000000500000000 02N160820123000000000000000000000000000000000000000000000000000000000000000000000000000001111111                  3002000090000000000 
0010001300008Q 011000000000000000CLIENTE                                 AV ARAUCARIAS 1135                      CENTRO         71936250BRASILIA       DF0000000000000000                                        000                            
00100015         000010                                                                                                                                                                                                                         
00199999         000001000012000000                                                                                                                                                                                                             
